<record><leader>00000cas a22000007a 4500</leader><controlfield tag="001">28399986</controlfield><controlfield tag="008">930708c19819999cauwr n       0    0eng d</controlfield><datafield ind1=" " ind2=" " tag="010"><subfield code="a">sn 95062324 </subfield></datafield><datafield ind1=" " ind2=" " tag="040"><subfield code="a">JTH</subfield><subfield code="b">eng</subfield><subfield code="c">JTH</subfield><subfield code="d">CNK</subfield><subfield code="d">OCLCQ</subfield><subfield code="d">OCLCF</subfield><subfield code="d">OCLCO</subfield></datafield><datafield ind1="1" ind2=" " tag="029"><subfield code="a">AU@</subfield><subfield code="b">000025877611</subfield></datafield><datafield ind1=" " ind2=" " tag="042"><subfield code="a">msc</subfield></datafield><datafield ind1="0" ind2=" " tag="130"><subfield code="a">Windsor journal (Windsor, Calif.)</subfield></datafield><datafield ind1="0" ind2="0" tag="245"><subfield code="a">Windsor journal.</subfield></datafield><datafield ind1=" " ind2=" " tag="260"><subfield code="a">Windsor, CA :</subfield><subfield code="b">Bill Bergsen</subfield></datafield><datafield ind1=" " ind2=" " tag="300"><subfield code="a">v.</subfield></datafield><datafield ind1="0" ind2=" " tag="362"><subfield code="a">Vol. 9, no. 11 (Dec. 9, 1981)-</subfield></datafield><datafield ind1=" " ind2="0" tag="651"><subfield code="a">Windsor (Calif.)</subfield><subfield code="v">Newspapers.</subfield></datafield><datafield ind1=" " ind2="7" tag="655"><subfield code="a">Newspapers.</subfield><subfield code="2">fast</subfield><subfield code="0">(OCoLC)fst01423814</subfield></datafield><datafield ind1=" " ind2="7" tag="651"><subfield code="a">California</subfield><subfield code="z">Windsor.</subfield><subfield code="2">fast</subfield><subfield code="0">(OCoLC)fst01255475</subfield></datafield><datafield ind1=" " ind2=" " tag="752"><subfield code="a">United States</subfield><subfield code="b">California</subfield><subfield code="c">Sonoma</subfield><subfield code="d">Windsor.</subfield></datafield><datafield ind1="0" ind2="0" tag="780"><subfield code="t">Windsor's journal, the Wahl Street journal, also the Windsor press</subfield><subfield code="w">(DLC)sn 95062323</subfield></datafield></record>